@ARTICLE{back1,
    author = {Anca-Elena Iordan},
    title = {A Comparative Study of Three Heuristic Functions Used to Solve the 8-Puzzle},
    journal = {British Journal of Mathematics and Computer Science},
    month = {April},
    year = {2016},
}

@MISC{back2,
  author = {Douglas Harder},
  title = {A-star Search Algorithm},
  howpublished = {\url{web.ics.purdue.edu/~elgamala/ECE368/Slide32-AstarSearch.pptx}},
  note = {Accessed: 2017-04-29},
}